<record><leader>00000cas a22000007a 4500</leader><controlfield tag="001">13842733</controlfield><controlfield tag="008">860709d18821926paucr ne      0    0eng d</controlfield><controlfield tag="009">5601</controlfield><datafield ind1=" " ind2=" " tag="010"><subfield code="a">sn 86081682 </subfield></datafield><datafield ind1=" " ind2=" " tag="040"><subfield code="a">NPH</subfield><subfield code="b">eng</subfield><subfield code="c">NPH</subfield></datafield><datafield ind1="1" ind2=" " tag="029"><subfield code="a">AU@</subfield><subfield code="b">000025817072</subfield></datafield><datafield ind1=" " ind2=" " tag="042"><subfield code="a">msc</subfield></datafield><datafield ind1="0" ind2="0" tag="245"><subfield code="a">Scottdale independent.</subfield></datafield><datafield ind1=" " ind2=" " tag="260"><subfield code="a">Scottdale, Westmoreland County, Pa. :</subfield><subfield code="b">[s.n.],</subfield><subfield code="c">1882-1926.</subfield></datafield><datafield ind1=" " ind2=" " tag="300"><subfield code="a">v. ;</subfield><subfield code="c">56 cm.</subfield></datafield><datafield ind1=" " ind2=" " tag="310"><subfield code="a">Semiweekly</subfield></datafield><datafield ind1=" " ind2=" " tag="321"><subfield code="a">Weekly,</subfield><subfield code="b">&lt;1882-    &gt;</subfield></datafield><datafield ind1="0" ind2=" " tag="362"><subfield code="a">Vol. 1, no. 1 (Aug. 10, 1882)-v. 47, no. 6 (Jan. 19, 1926).</subfield></datafield><datafield ind1=" " ind2=" " tag="500"><subfield code="a">Publishers: W.L. Kelly, &lt;1892&gt;; Scottdale Printing Co. &lt;1925&gt;-1926.</subfield></datafield><datafield ind1=" " ind2=" " tag="500"><subfield code="a">Editor: J.R. Byrne, &lt;1882&gt;.</subfield></datafield><datafield ind1=" " ind2=" " tag="752"><subfield code="a">United States</subfield><subfield code="b">Pennsylvania</subfield><subfield code="c">Westmoreland</subfield><subfield code="d">Scottdale.</subfield></datafield><datafield ind1="0" ind2="7" tag="785"><subfield code="t">Scottdale news-observer</subfield><subfield code="w">(DLC)sn 86081681</subfield></datafield><datafield ind1="0" ind2="7" tag="785"><subfield code="t">Independent-observer (Scottdale, Pa.)</subfield><subfield code="w">(DLC)sn 86081548</subfield></datafield></record>